<record><leader>00000cas a2200000 a 4500</leader><controlfield tag="001">1554149</controlfield><controlfield tag="008">750817d18751978iludn ne      0   a0eng c</controlfield><datafield ind1=" " ind2=" " tag="010"><subfield code="a">sn 83045178 </subfield></datafield><datafield ind1=" " ind2=" " tag="040"><subfield code="a">MUL</subfield><subfield code="b">eng</subfield><subfield code="c">MUL</subfield><subfield code="d">IUL</subfield><subfield code="d">NPW</subfield><subfield code="d">NPX</subfield><subfield code="d">DLC</subfield><subfield code="d">NPU</subfield><subfield code="d">NPY</subfield><subfield code="d">YOX</subfield><subfield code="d">DLC</subfield><subfield code="d">OCL</subfield><subfield code="d">DLC</subfield><subfield code="d">YOX</subfield><subfield code="d">DLC</subfield><subfield code="d">CRL</subfield><subfield code="d">NVF</subfield><subfield code="d">KNP</subfield><subfield code="d">NVF</subfield><subfield code="d">MGN</subfield><subfield code="d">NVF</subfield><subfield code="d">CNK</subfield><subfield code="d">NVF</subfield><subfield code="d">OBN</subfield><subfield code="d">CVF</subfield><subfield code="d">CRL</subfield><subfield code="d">NVF</subfield><subfield code="d">CVF</subfield><subfield code="d">NVF</subfield><subfield code="d">DLC</subfield><subfield code="d">KRTAS</subfield><subfield code="d">CUI</subfield><subfield code="d">DLC</subfield><subfield code="d">OCLCQ</subfield><subfield code="d">OCLCF</subfield><subfield code="d">NVF</subfield><subfield code="d">OCLCO</subfield></datafield><datafield ind1=" " ind2=" " tag="019"><subfield code="a">9338512</subfield><subfield code="a">11487375</subfield><subfield code="a">11487557</subfield><subfield code="a">11487975</subfield><subfield code="a">11489082</subfield></datafield><datafield ind1="1" ind2=" " tag="029"><subfield code="a">AU@</subfield><subfield code="b">000003880696</subfield></datafield><datafield ind1=" " ind2=" " tag="042"><subfield code="a">pcc</subfield></datafield><datafield ind1=" " ind2=" " tag="043"><subfield code="a">n-us-il</subfield></datafield><datafield ind1="0" ind2="0" tag="050"><subfield code="a">Newspaper</subfield></datafield><datafield ind1=" " ind2="4" tag="050"><subfield code="a">AN</subfield></datafield><datafield ind1="0" ind2=" " tag="130"><subfield code="a">Chicago daily news (Chicago, Ill. : 1875)</subfield></datafield><datafield ind1="1" ind2="0" tag="245"><subfield code="a">Chicago daily news.</subfield></datafield><datafield ind1="1" ind2=" " tag="246"><subfield code="i">Published as:</subfield><subfield code="a">Chicago daily news and Chicago daily journal</subfield><subfield code="f">Aug. 22-Nov. 30, 1929</subfield></datafield><datafield ind1="1" ind2=" " tag="246"><subfield code="i">Published as:</subfield><subfield code="a">Chicago daily news and Chicago evening post</subfield><subfield code="f">Oct. 31, 1932-May 8, 1933</subfield></datafield><datafield ind1=" " ind2=" " tag="250"><subfield code="a">Evening ed.</subfield></datafield><datafield ind1=" " ind2=" " tag="260"><subfield code="a">Chicago, Ill. :</subfield><subfield code="b">Meggy &amp; Co.,</subfield><subfield code="c">1875-1978.</subfield></datafield><datafield ind1="3" ind2=" " tag="260"><subfield code="3">&lt;Aug. 7, 1885&gt;</subfield><subfield code="a">Chicago, Ill. :</subfield><subfield code="b">Victor F. Lawson</subfield></datafield><datafield ind1=" " ind2=" " tag="300"><subfield code="a">v.</subfield></datafield><datafield ind1=" " ind2=" " tag="310"><subfield code="a">Daily (except Sunday)</subfield></datafield><datafield ind1="0" ind2=" " tag="362"><subfield code="a">Vol. 1, no. 1 (Dec. 23, 1875)-v. 103, no. 53 (Mar. 4, 1978).</subfield></datafield><datafield ind1=" " ind2=" " tag="500"><subfield code="a">Jan. 17-18, 1976 issues called also "Centennial edition."</subfield></datafield><datafield ind1=" " ind2=" " tag="500"><subfield code="a">Special issues devoted to story of Chicago and The Chicago daily news published June 17, 24, July 1, 8, 1929.</subfield></datafield><datafield ind1=" " ind2=" " tag="515"><subfield code="a">Issues for &lt;May 9, 1898-June 6, 1944&gt; called &lt;23rd year, no. 110-69th year, no. 133&gt;.</subfield></datafield><datafield ind1=" " ind2=" " tag="515"><subfield code="a">Specimen number issued Dec. 20, 1875.</subfield></datafield><datafield ind1=" " ind2=" " tag="530"><subfield code="a">Also available via the World Wide Web.</subfield></datafield><datafield ind1=" " ind2=" " tag="580"><subfield code="a">Other daily eds.: Chicago morning news, 1881-1882, and: Chicago daily news (Chicago, Ill. : Morning ed.), 1882-1892, and: Chicago news record, 1892-1893, and: Chicago record (Chicago, Ill. : 1893), 1893-1901, and: Chicago daily news (Chicago, Ill. : State ed.), &lt;1945&gt;-1978.</subfield></datafield><datafield ind1=" " ind2="0" tag="651"><subfield code="a">Chicago (Ill.)</subfield><subfield code="v">Newspapers.</subfield></datafield><datafield ind1=" " ind2="0" tag="651"><subfield code="a">Cook County (Ill.)</subfield><subfield code="v">Newspapers.</subfield></datafield><datafield ind1=" " ind2="7" tag="651"><subfield code="a">Illinois</subfield><subfield code="z">Chicago.</subfield><subfield code="2">fast</subfield><subfield code="0">(OCoLC)fst01204048</subfield></datafield><datafield ind1=" " ind2="7" tag="651"><subfield code="a">Illinois</subfield><subfield code="z">Cook County.</subfield><subfield code="2">fast</subfield><subfield code="0">(OCoLC)fst01205334</subfield></datafield><datafield ind1=" " ind2="7" tag="655"><subfield code="a">Newspapers.</subfield><subfield code="2">fast</subfield><subfield code="0">(OCoLC)fst01423814</subfield></datafield><datafield ind1=" " ind2=" " tag="752"><subfield code="a">United States</subfield><subfield code="b">Illinois</subfield><subfield code="c">Cook</subfield><subfield code="d">Chicago.</subfield></datafield><datafield ind1="1" ind2=" " tag="775"><subfield code="t">Chicago morning news</subfield><subfield code="w">(DLC)sn 82016456</subfield><subfield code="w">(OCoLC)9345676</subfield></datafield><datafield ind1="1" ind2=" " tag="775"><subfield code="t">Chicago daily news (Chicago, Ill. : Morning ed.)</subfield><subfield code="w">(DLC)sn 82016454</subfield><subfield code="w">(OCoLC)9338613</subfield></datafield><datafield ind1="1" ind2=" " tag="775"><subfield code="t">Chicago news record</subfield><subfield code="w">(DLC)sn 82006859</subfield><subfield code="w">(OCoLC)8797323</subfield></datafield><datafield ind1="1" ind2=" " tag="775"><subfield code="t">Chicago record (Chicago, Ill. : 1893)</subfield><subfield code="w">(DLC)sn 83045490</subfield><subfield code="w">(OCoLC)9518443</subfield></datafield><datafield ind1="1" ind2=" " tag="775"><subfield code="t">Chicago daily news (Chicago, Ill. : State ed.)</subfield><subfield code="w">(DLC)sn 98063275</subfield><subfield code="w">(OCoLC)39981746</subfield></datafield><datafield ind1="0" ind2="8" tag="776"><subfield code="i">Online version:</subfield><subfield code="t">Chicago daily news (Chicago, Ill. : 1875 : Online)</subfield><subfield code="w">(OCoLC)603676650</subfield></datafield><datafield ind1="0" ind2="5" tag="780"><subfield code="t">Chicago post (Chicago, Ill. : 1876)</subfield><subfield code="w">(DLC)sn 84038741</subfield><subfield code="w">(OCoLC)11477117</subfield></datafield><datafield ind1="0" ind2="5" tag="780"><subfield code="t">Chicago daily journal (Chicago, Ill. : 1904)</subfield><subfield code="w">(DLC)sn 85038328</subfield><subfield code="w">(OCoLC)12352717</subfield></datafield><datafield ind1="0" ind2="5" tag="780"><subfield code="t">Chicago evening post (Chicago, Ill. : 1890)</subfield><subfield code="w">(DLC)sn 82006509</subfield><subfield code="w">(OCoLC)8801224</subfield></datafield><datafield ind1=" " ind2=" " tag="938"><subfield code="a">Kirtas Technologies, Inc.</subfield><subfield code="b">KRTS</subfield><subfield code="n">733208</subfield></datafield></record>